@electronic{assistfaq,
  title   = {ASSIST FAQ},
  url     = {https://resource.assist.org/FAQ},
  urldate = {2025-06-30}
}

@electronic{assistinfo,
  title   = {ASSIST General Information},
  url     = {https://resource.assist.org/About/General-Information},
  urldate = {2025-06-30}
}

@electronic{calstate,
  author  = {{California State University Office of the Chancellor}},
  title   = {Enrollment},
  url     = {https://www.calstate.edu/csu-system/about-the-csu/facts-about-the-csu/enrollment},
  urldate = {2024-09-13},
  year    = {2024}
}

@electronic{cccco,
  author  = {{California Community Colleges Chancellor's Office}},
  title   = {{Management Information Systems Data Mart}},
  url     = {https://datamart.cccco.edu/Students/Student\_Headcount\_Term\_Annual.aspx},
  urldate = {2024-09-13},
  year    = {2024}
}

@misc{gao2017,
  author      = {{United States Government Accountability Office}},
  date        = {2017-08-14},
  institution = {{United States Government Accountability Office}},
  number      = {GAO-17-574},
  title       = {Higher Education: Students Need More Information to Help Reduce Challenges in Transferring College Credits},
  type        = {Report to Congressional Requesters},
  url         = {https://www.gao.gov/products/gao-17-574},
  year        = {2017}
}

@electronic{nscdd20250507,
  title   = {DATA DIVE: Returning Learners Lead Transfer Population},
  url     = {https://www.studentclearinghouse.org/nscblog/data-dive-returning-learners-lead-transfer-pop/},
  urldate = {2025-06-30}
}

@electronic{nscnews2023,
  title   = {College Transfer Enrollment Grew by 5.3% in the Fall of 2023},
  url     = {https://www.studentclearinghouse.org/news/college-transfer-enrollment-grew-by-5-3-in-the-fall-of-2023/},
  urldate = {2025-06-30}
}

@electronic{nscnews20250305,
  title   = {College Transfer Enrollment Grew for Third Straight Year},
  url     = {https://www.studentclearinghouse.org/news/college-transfer-enrollment-grew-for-third-straight-year/},
  urldate = {2025-06-30}
}

@article{pardos2019,
  author = {Pardos, Zachary and Chau, Hung and Zhao, Haocheng},
  doi    = {10.1145/3330430.3333622},
  isbn   = {978-1-4503-6804-9},
  month  = {07},
  pages  = {},
  title  = {Data-Assistive Course-to-Course Articulation Using Machine Translation},
  year   = {2019}
}

@electronic{ppic,
  author    = {Kevin Cook},
  publisher = {Public Policy Institute of California},
  title     = {California's Higher Education System},
  url       = {https://www.ppic.org/publication/californias-higher-education-system/},
  urldate   = {2024-09-06},
  year      = {2024}
}

@electronic{uc,
  author  = {{Regents of the University of California, The}},
  title   = {Fall enrollment at a glance},
  url     = {https://www.universityofcalifornia.edu/about-us/information-center/fall-enrollment-glance},
  urldate = {2024-09-13},
  year    = {2024}
}